
@InCollection{buja:1988,
  author  = {Buja, A. and Asimov, D. and Hurley, C. and
            McDonald, J. A.},
  title   = {Elements of a viewing pipeline for data analysis},
  booktitle={Dynamic Graphics for Statistics},
  keywords= {pipeline},
  publisher={Wadsworth, Inc.},
  year    = {1988}
}

@Article{buja:2009,
  author  = {Buja, A. and Cook, D. and Hofmann, H. and Lawrence,
            M. and Lee, E. and Swayne, D. and Wickham,
            H.},
  title   = {Statistical Inference for Exploratory Data Analysis and Model
            Diagnostics},
  journal = {Royal Society Philosophical Transactions A},
  number  = {1906},
  pages   = {4361-4383},
  volume  = {367},
  year    = {2009}
}

@Article{cleveland:1984,
  author  = {Cleveland, W. and McGill, R.},
  title   = {Graphical Perception: Theory, Experimentation and Application to
            the Development of Graphical Methods.},
  journal = {Journal of the American Statistical Association},
  keywords= {perception},
  number  = 387,
  pages   = {531-554},
  volume  = 79,
  year    = 1984
}

@Book{hald:2004,
  author  = {Hald, A.},
  title   = {A History of Parametric Statistical Inference from Bernoulli to Fisher, 1713 to 1935},
  address = {DK-2100 Copenhagen},
  publisher={ISBN 87-7834-628-2},
  year    = 2004
}

@Book{daniel:1976,
  author  = {Daniel, C.},
  title   = {Applications of Statistics to Industrial Experimentation},
  address = {Hoboken, NJ},
  publisher={Wiley-Interscience},
  year    = 1976
}

@Book{davison:1997,
  author  = {Davison, A.~C. and Hinkley, D.~V.},
  title   = {Bootstrap Methods and their Applications},
  address = {Cambridge, UK},
  publisher={Cambridge University Press},
  year    = 1997
}

@InCollection{diaconis:1983a,
  author  = {Diaconis, P.},
  title   = {Theories of Data Analysis: From Magical Thinking Through
            Classical Statistics},
  address = {New York},
  booktitle={Exploring Data Tables, Trends and Shapes},
  editor  = {Hoaglin, D. and Mosteller, F. and Tukey, J.},
  pages   = {1--36},
  publisher={Wiley},
  year    = 1983
}

@Article{ham:2009,
  author  = {van Ham, F. and Wattenberg, M. and Viegas, F.},
  title   = {Mapping Text with Phrase Nets},
  address = {Los Alamitos, CA, USA},
  doi     = {http://doi.ieeecomputersociety.org/10.1109/TVCG.2009.165},
  issn    = {1077-2626},
  journal = {IEEE Transactions on Visualization and Computer Graphics},
  pages   = {1169-1176},
  publisher={IEEE Computer Society},
  volume  = {15},
  year    = {2009}
}

@misc{healey:2009,
  author  = {Healey, C.},
  title   = {Perception in visualisation},
  lastchecked={May 11, 2009},
  url     = {http://www.csc.ncsu.edu/faculty/healey/PP/ index.html},
  year    = {2009}
}

@Article{langsrud:2005,
  author  = {Langsrud, {\O}.},
  title   = {Rotation tests},
  address = {Hingham, MA, USA},
  issn    = {0960-3174},
  journal = {Statistics and Computing},
  number  = {1},
  pages   = {53--60},
  publisher={Kluwer Academic Publishers},
  volume  = {15},
  year    = {2005}
}

@Manual{r,
  author  = {{R Development Core Team}},
  title   = {R: A Language and Environment for Statistical Computing},
  address = {Vienna, Austria},
  keywords= {no-electronic, software/r},
  note    = {{ISBN} 3-900051-07-0},
  organization={R Foundation for Statistical Computing},
  url     = {http://www.R-project.org},
  year    = {2009}
}

@Article{scott:1954,
  author  = {Scott, E. L. and Shane, C. D. and Swanson, M. D.},
  title   = {Comparison of the Synthetic and Actual Distribution of Galaxies
            on a Photographic Plate},
  journal = {Astrophysical Journal},
  keywords= {inference},
  month   = jan,
  pages   = {91--112},
  volume  = 119,
  year    = 1954
}
@Book{wilkinson:1999,
  author  = {Wilkinson, L.},
  title   = {The Grammar of Graphics},
  address = {New York},
  publisher={NY: Springer},
  year    = 1999
}

@Article{wilkinson:2009,
  author  = {Wilkinson, L. and Friendly, M.},
  title   = {The History of the Cluster Heat Map},
  doi     = {10.1198/tas.2009.0033},
  journal = {The American Statistician},
  keywords= {heatmap},
  number  = {2},
  pages   = {179-184},
  volume  = {63},
  year    = {2009}
}

@Article{wolfe:2010,
  author  = {Wolfe, J. and Wert, M.},
  title   = {Varying Target Prevalence Reveals Two Dissociable Decision
            Criteria in Visual Search},
  journal = {Current Biology},
  number  = {2},
  pages   = {121--124},
  volume  = {20},
  year    = {2010}
}

@Article{pitman:1937a,
  author = {Pitman, E.~J.~G.},
  year = {1937},
  title = {Significance Tests Which May Be Applied To Samples From Any Populations},
  journal = {The Journal of the Royal Statistical Society},
  volume = {4},
  pages = {119--130},
  notes = {Supplement to}
}

@book{Good05,Author="Good, P.",Year="2005",
  title={Permutation, {P}arametric, and {B}ootstrap {T}ests of {H}ypotheses},
  Publisher="Springer",Address="New York"}

@article{Manyeyes:2007,
  Author={Vi{\`e}gas, F. and Wattenberg, M. and van Ham, F. and Kriss, J. and McKeon, M},
  Year=2007,
  Title={ManyEyes: A Site for Visualization at Internet Scale},
  url="http://manyeyes.alphaworks.ibm.com/manyeyes/",
  journal={Transactions on Visualization and Computer Graphics},
  volume={13},
  numer={6},
  pages={1121--1128}}

@book{hadley:2009,
	Author = {Wickham, H.},
	Date-Added = {2009-02-23 14:56:38 -0600},
	Date-Modified = {2009-02-23 14:57:38 -0600},
	Publisher = {Springer},
	Series = {{useR}},
	Title = {ggplot2: Elegant graphics for data analysis},
	Year = {2009}}

@Misc{turk,
  author  = "Amazon",
  title   = "Mechanical {T}urk",
  year    = 2010,
  url     = "http://aws.amazon.com/mturk/"
}

@Misc{friendly:2001,
  author  = "Friendly, M. and Denis, D. J.",
  title   = "Milestones in the history of thematic cartography, statistical graphics, and data visualization. (last Accessed: April 27, 2011)",
  year    = 2001,
  url     = "http://datavis.ca/milestones/"
}

@Misc{viegas:2008,
  author  = "Viègas, F. and Wattenberg, M.",
  title   = "Fleshmap Studies of Desire",
  year    = 2008,
  url     = "http://fernandaviegas.com/fleshmap.html"
}


@MISC{WC08,Author="Wickham, H. and Cook, D.",Year=2010, Title="{\tt tourr}:
{I}mplements {T}our {M}ethods in {P}ure {R} {C}ode", HowPublished="{\tt
http://www.R-project.org}"}

@article{STLBC03, author = "Swayne, D. and Temple Lang, D.
  and Buja, A. and Cook, D.", title = "{GG}obi: {E}volving from
  {XG}obi into an {E}xtensible {F}ramework for {I}nteractive {D}ata
  {V}isualization", journal = "Computational Statistics \& Data
  Analysis", volume = 43, year = 2003, pages = "423--444", 
  Note={See also {\tt http://www.ggobi.org}} }

@inproceedings{SCB91, author = "Swayne, D. and Cook, D. and
    Buja, A.", title = "{XG}obi: {I}nteractive {D}ynamic
    {G}raphics in the {X} {W}indow {S}ystem with a {L}ink to {S}",
    booktitle = "American Statistical Association 1991 Proceedings of
    the Section on Statistical Graphics", pages = "1--8", publisher =
    "American Statistical Association", address = "Alexandria, VA",
    year = 1992 }

@BOOK{JW02,Author="Johnson, R. A. and Wichern, D. W.",Year=2002,
Title= "Applied Multivariate Statistical Analysis (5th ed)",
Publisher="Prentice-Hall", Address="Englewood Cliffs, NJ"}


@article{fernholz03,
     jstor_articletype = {news},
     title = {Remembering {J}ohn {W}. {T}ukey},
     author = {Fernholz, L.},
     journal = {Statistical Science},
     jstor_issuetitle = {},
     volume = {18},
     number = {3},
     jstor_formatteddate = {Aug., 2003},
     pages = {pp. 336-340},
     url = {http://www.jstor.org/stable/3182751},
     ISSN = {08834237},
     abstract = {},
     language = {English},
     year = {2003},
     publisher = {Institute of Mathematical Statistics},
     copyright = {Copyright � 2003 Institute of Mathematical Statistics},
    }



@Article{gelman:2004,
  author  = {Gelman, A.},
  journal = {Journal of Computational and Graphical Statistics},
  keywords= {inference},
  number  = {4},
  pages   = {755--779},
  title   = {Exploratory {D}ata {A}nalysis for {C}omplex {M}odels},
  volume  = {13},
  year    = {2004}
}

@Article{gelman:2004a,
  author  = {Gelman, A.},
  journal = {Journal of Computational and Graphical Statistics},
  keywords= {inference},
  number  = {4},
  pages   = {785--787},
  title   = {Exploratory {D}ata {A}nalysis for {C}omplex {M}odels: {R}ejoinder},
  volume  = {13},
  year    = {2004}
}

@book{kutner:2005,
	Author = {Kutner, M. and Nachtsheim, C. and Neter, J. and Li, W.},
	Title = {Applied Linear Statistical Models},
	Publisher = {McGraw-Hill/Irwin},
	address = {New York},
	Year = {2005}}

@book{casella:2002,
	Author = {Casella, G. and Berger, R.},
	Title = {Statistical Inference},
	Publisher = {Duxbury},
	address = {California},
	Year = {2002}}	
	
@book{moore:2009,
	Author = {Moore, D. and McCabe, G. and Duckworth, W. and Alwan, L.},
	Title = {The Practice of Business Statistics},
	Publisher = {W. H. Freeman and Company},
	address = {New York},
	Year = {2009}}	
	
@techreport{majumder:2011,
  author={Majumder, M. and Hofmann, H. and Cook, D.},
  title={Visual Statistical Inference For Regression Parameters},
  number=13,
  year=2011,
  institution={Iowa State University, Department of Statistics}
}    
    
@ARTICLE{lee:2009,Author="Lee, E.-K. and Cook, D.",Year=2009,
  Title="A {P}rojection {P}ursuit {I}ndex for {L}arge $p$
{S}mall $n$ {D}ata", Journal="Statistics and Computing", Pages={{\url{http://www.springerlink.com/content/g47n0n342761838m/?p=d2ff5a7b69eb45ef8abf7ef3aba69557&pi=3}}}}

